@article{10.5120/ijca2020920393,
  author     = {Amogh G. Warkhandkar and Baasit Sharief and Omkar B. Bhambure},
  title      = {Measuring Performance of Generative Adversarial Networks on Devanagari Script},
  journal    = {International Journal of Computer Applications},
  issue_date = {June 2020},
  volume     = {176},
  number     = {33},
  month      = {Jun},
  year       = {2020},
  issn       = {0975-8887},
  pages      = {5-9},
  numpages   = {5},
  url        = {http://www.ijcaonline.org/archives/volume176/number33/31414-2020920393},
  doi        = {10.5120/ijca2020920393},
  publisher  = {Foundation of Computer Science (FCS), NY, USA},
  address    = {New York, USA}
}